@book{cho2006topological,
  title={Topological degree theory and applications},
  author={Cho, Yeol Je and Chen, Yu-Qing},
  year={2006},
  publisher={CRC Press}
}

@book{milnor1997topology,
  title={Topology from the differentiable viewpoint},
  author={Milnor, John and Weaver, David W},
  year={1997},
  publisher={Princeton university press}
}

@book{outerelo2009mapping,
  title={Mapping degree theory},
  author={Outerelo, Enrique and others},
  volume={108},
  year={2009},
  publisher={American Mathematical Soc.}
}

@book{munkrestopology,
  title={Topology James Munkres Second Edition},
  author={James Munkres},
   year={2014},
  publisher={Pearson}
}

@book{complexanalysis1979ahlfors,
  title={LV Ahlfors, Complex Analysis},
  author={Lars V.Ahlfors},
  volume={16},
  year={1979},
  publisher={McGraw-Hill}
}
@book{tapp2016differential,
  title={Differential geometry of curves and surfaces},
  author={Tapp, Kristopher},
  year={2016},
  publisher={Springer}
}